@inproceedings{wei2012hardware, title={Hardware Trojan horse benchmark via
optimal creation and placement of malicious circuitry}, author={Wei, Sheng and
Li, Kai and Koushanfar, Farinaz and Potkonjak, Miodrag}, booktitle={Proceedings
of the 49th Annual Design Automation Conference}, pages={90--95}, year={2012},
organization={ACM} }

@article{guin2014counterfeit, title={Counterfeit integrated circuits: detection,
avoidance, and the challenges ahead}, author={Guin, Ujjwal and DiMase, Daniel
and Tehranipoor, Mohammad}, journal={Journal of Electronic Testing},
volume={30}, number={1}, pages={9--23}, year={2014}, publisher={Springer} }

@inproceedings{zhang2013fpga, title={FPGA IP protection by binding finite state
machine to physical unclonable function}, author={Zhang, Jiliang and Lin, Yaping
and Lyu, Yongqiang and Qu, Gang and Cheung, Ray CC and Che, Wenjie and Zhou,
Qiang and Bian, Jinian}, booktitle={Field Programmable Logic and Applications
(FPL), 2013 23rd International Conference on}, pages={1--4}, year={2013},
organization={IEEE} }

@inproceedings{altera2009, title={Design security in Stratix III devices Altera
White Paper 0101}, year={2009}}

@inproceedings{guneysu2007dynamic, title={Dynamic intellectual property
protection for reconfigurable devices}, author={Guneysu, T and Moller, Bodo
and Paar, Christof}, booktitle={Field-Programmable Technology, 2007. ICFPT
2007.  International Conference on}, pages={169--176}, year={2007},
organization={IEEE} }

@article{maes2012pay, title={A pay-per-use licensing scheme for hardware IP
cores in recent SRAM-based FPGAs}, author={Maes, Roel and Schellekens, Dries and
Verbauwhede, Ingrid}, journal={Information Forensics and Security, IEEE
Transactions on}, volume={7}, number={1}, pages={98--108}, year={2012},
publisher={IEEE} }

@inproceedings{alkabani2007remote, title={Remote activation of ICs for piracy
prevention and digital right management}, author={Alkabani, Yousra and
Koushanfar, Farinaz and Potkonjak, Miodrag}, booktitle={Proceedings of the 2007
IEEE/ACM international conference on Computer-aided design}, pages={674--677},
year={2007}, organization={IEEE Press} }

@inproceedings{alkabani2007active, title={Active Hardware Metering for
Intellectual Property Protection and Security.}, author={Alkabani, Yousra and
Koushanfar, Farinaz}, booktitle={USENIX Security}, pages={291--306}, year={2007}
}

@inproceedings{roy2008epic, title={EPIC: Ending piracy of integrated circuits},
author={Roy, Jarrod A and Koushanfar, Farinaz and Markov, Igor L},
booktitle={Proceedings of the conference on Design, automation and test in
Europe}, pages={1069--1074}, year={2008}, organization={ACM} }

@inproceedings{roy2008protecting, title={Protecting bus-based hardware IP by
secret sharing}, author={Roy, Jarrod A and Koushanfar, Farinaz and Markov, Igor
L}, booktitle={Proceedings of the 45th annual Design Automation Conference},
pages={846--851}, year={2008}, organization={ACM} }

@inproceedings{maes2009analysis, title={Analysis and design of active IC
metering schemes}, author={Maes, Roel and Schellekens, Dries and Tuyls, Pim and
Verbauwhede, Ingrid}, booktitle={Hardware-Oriented Security and Trust, 2009.
HOST'09. IEEE International Workshop on}, pages={74--81}, year={2009},
organization={IEEE} }

@article{wieczorek2014dual, title={Dual-metastability time-competitive true
random number generator}, author={Wieczorek, Piotr Zbigniew and Golofit,
Krzysztof}, journal={Circuits and Systems I: Regular Papers, IEEE Transactions
on}, volume={61}, number={1}, pages={134--145}, year={2014}, publisher={IEEE} }

@inproceedings{nedospasov2013invasive, title={Invasive PUF analysis},
author={Nedospasov, Dmitry and Seifert, J-P and Helfmeier, Clemens and Boit,
Christian}, booktitle={Fault Diagnosis and Tolerance in Cryptography (FDTC),
2013 Workshop on}, pages={30--38}, year={2013}, organization={IEEE} }
